<record><leader>00000cas a2200000 a 4500</leader><controlfield tag="001">12593997</controlfield><controlfield tag="008">850924d19161928ksuwr ne      0    0eng d</controlfield><datafield ind1=" " ind2=" " tag="010"><subfield code="a">sn 85029811 </subfield></datafield><datafield ind1=" " ind2=" " tag="040"><subfield code="a">KSH</subfield><subfield code="b">eng</subfield><subfield code="c">KSH</subfield><subfield code="d">NPT</subfield><subfield code="d">OCL</subfield><subfield code="d">OCLCQ</subfield></datafield><datafield ind1=" " ind2=" " tag="042"><subfield code="a">msc</subfield></datafield><datafield ind1="0" ind2="0" tag="245"><subfield code="a">Johnson City pioneer and journal-news.</subfield></datafield><datafield ind1=" " ind2=" " tag="260"><subfield code="a">Johnson, Kan. :</subfield><subfield code="b">Hettie Jones,</subfield><subfield code="c">1916-1928.</subfield></datafield><datafield ind1=" " ind2=" " tag="300"><subfield code="a">13 v. :</subfield><subfield code="b">ill. ;</subfield><subfield code="c">56 cm.</subfield></datafield><datafield ind1=" " ind2=" " tag="310"><subfield code="a">Weekly</subfield></datafield><datafield ind1="0" ind2=" " tag="362"><subfield code="a">Vol. 17, no. 37 (Mar. 10, 1916)-v. 30, no. 27 (Dec. 28, 1928).</subfield></datafield><datafield ind1=" " ind2=" " tag="752"><subfield code="a">United States</subfield><subfield code="b">Kansas</subfield><subfield code="c">Stanton</subfield><subfield code="d">Johnson City.</subfield></datafield><datafield ind1="0" ind2="4" tag="780"><subfield code="t">Johnson City pioneer (Johnson City, Kan. : 1914)</subfield><subfield code="w">(DLC)sn 85029810</subfield></datafield><datafield ind1="0" ind2="4" tag="780"><subfield code="t">Stanton County journal and progressive news</subfield><subfield code="w">(DLC)sn 85029809</subfield></datafield><datafield ind1="0" ind2="0" tag="785"><subfield code="t">Johnson City pioneer (Johnson City, Kan. : 1929)</subfield><subfield code="w">(DLC)sn 85029812</subfield></datafield><datafield ind1="1" ind2=" " tag="029"><subfield code="a">AU@</subfield><subfield code="b">000022172536</subfield></datafield></record>